%% This BibTeX bibliography file was created using BibDesk.
%% https://bibdesk.sourceforge.io/

%% Created for Brian Weatherson at 2023-12-12 10:44:06 -0500 


%% Saved with string encoding Unicode (UTF-8) 

@incollection{Morgenstern1935,
	author = {Oscar Morgenstern},
	crossref = {MorgensternCollPapers},
	date-added = {2023-12-12 09:26:37 -0500},
	date-modified = {2023-12-12 09:26:37 -0500},
	pages = {169-183},
	title = {Perfect Foresight and Economic Equilibrium},
	original-date = {1935-06-01},
	original-published = {As "Vollkommene Voraussicht und wirtschaftliches Gleichgewicht" in \textit{Zeitschr. f. National{\"o}konomie}, 6(3): 337-357},
	doi = {10.1007/BF01311642}
	}

	note = {Published in English as "Perfect Foresight and Economic Equilibrium", in Andrew Schotter (ed.), \textit{Economic Writings of Oscar Morgenstern}, New York: New York University Press, 1976, pp. 169-183.},


@book{MorgensternCollPapers,
	address = {New York},
	author = {Oscar Morgenstern},
	booktitle = {Economic Writings of \{O}scar \{M}orgenstern},
	editor = {Andrew Schotter},
	publisher = {New York University Press},
	title = {Economic Writings of Oscar Morgenstern},
	year = {1976}
	}

@book{RamseyPhilPapers,
	address = {Cambridge},
	author = {Frank Ramsey},
	booktitle = {Philosophical Papers},
	date-added = {2023-12-12 10:44:01 -0500},
	date-modified = {2023-12-12 10:44:01 -0500},
	editor = {D. H. Mellor},
	publisher = {Cambridge University Press},
	title = {Philosophical Papers},
	year = {1990}}

@book{ChristensenLackey,
	address = {Oxford},
	booktitle = {The Epistemology of Disagreement: New Essays},
	date-added = {2023-12-12 10:43:39 -0500},
	date-modified = {2023-12-12 10:43:39 -0500},
	editor = {David Christensen and Jennifer Lackey},
	publisher = {Oxford University Press},
	title = {The Epistemology of Disagreement: New Essays},
	year = {2013}}

@article{Briggs2015,
	author = {Ray Briggs},
	date-added = {2023-12-12 10:11:08 -0500},
	date-modified = {2023-12-12 10:11:58 -0500},
	doi = {10.1080/00455091.2015.1122387},
	journal = {Canadian Journal of Philosophy},
	number = {5},
	pages = {827-840},
	title = {Costs of Abandoning the Sure Thing Principle},
	volume = {45},
	year = {2015}}

@article{Barta2023,
	author = {Sergio Barta and Raquel Gurrea and Carlos Flavi{\'a}n},
	date-added = {2023-12-12 10:10:08 -0500},
	date-modified = {2023-12-12 10:10:08 -0500},
	doi = {10.1016/j.jretconser.2023.103332},
	journal = {Journal of Retailing and Consumer Services},
	month = {July},
	pages = {103332},
	title = {Consequences of consumer regret with online shopping},
	volume = {73},
	year = {2023},
	bdsk-url-1 = {https://doi.org/10.1016/j.jretconser.2023.103332}}

@article{Meacham2019,
	author = {Christopher Meacham},
	date-added = {2023-12-12 10:09:49 -0500},
	date-modified = {2023-12-12 10:09:49 -0500},
	doi = {10.1007/s11098-018-1036-4},
	journal = {Philosohical Studies},
	number = {3},
	pages = {709-732},
	title = {Deference and Uniqueness},
	volume = {176},
	year = {2019},
	bdsk-url-1 = {https://doi.org/10.1007/s11098-018-1036-4}}

@electronic{Bonanno2018,
	address = {Davis, CA},
	author = {Giacomo Bonanno},
	date-added = {2023-12-12 10:09:45 -0500},
	date-modified = {2023-12-12 10:09:45 -0500},
	edition = {2nd},
	lastchecked = {July 5, 2023},
	publisher = {Kindle Direct Publishing},
	title = {Game Theory},
	url = {http://faculty.econ.ucdavis.edu/faculty/bonanno/GT_Book.html},
	year = {2018},
	bdsk-url-1 = {http://faculty.econ.ucdavis.edu/faculty/bonanno/GT_Book.html}}

@article{Ye2023,
	author = {Ru Ye},
	date-added = {2023-12-12 09:45:40 -0500},
	date-modified = {2023-12-12 09:45:40 -0500},
	doi = {10.1111/phpr.12845},
	journal = {Philosophy and Phenomenological Research},
	number = {1},
	pages = {157-175},
	title = {Permissivism, the Value of Rationality, and a Convergence-Theoretic Epistemology},
	volume = {106},
	year = {2023},
	bdsk-url-1 = {https://doi.org/10.1111/phpr.12845}}

@article{Xefteris2015,
	author = {Dimitrios Xefteris},
	date-added = {2023-12-12 09:45:34 -0500},
	date-modified = {2023-12-12 09:45:34 -0500},
	doi = {10.1016/j.geb.2014.12.001},
	journal = {Games and Economic Behavior},
	number = {1},
	pages = {122-125},
	title = {Symmetric Zero-Sum Games with Only Asymmetric Equilibria},
	volume = {89},
	year = {2015},
	bdsk-url-1 = {https://doi.org/10.1016/j.geb.2014.12.001}}

@book{WrightVaguenessCollection,
	address = {Oxford},
	author = {Crispin Wright},
	date-added = {2023-12-12 09:45:28 -0500},
	date-modified = {2023-12-12 09:45:28 -0500},
	publisher = {Oxford University Press},
	title = {The Riddle of Vagueness: Selected Essays 1975-2020},
	year = {2021}}

@book{Worsnip2021,
	address = {Oxford},
	author = {Alex Worsnip},
	date-added = {2023-12-12 09:45:18 -0500},
	date-modified = {2023-12-12 09:45:18 -0500},
	publisher = {Oxford University Press},
	title = {Fitting Things Together: Coherence and the Demands of Structural Rationality},
	year = {2021}}

@article{Wilson1967,
	author = {Robert B. Wilson},
	date-added = {2023-12-12 09:45:12 -0500},
	date-modified = {2023-12-12 09:45:12 -0500},
	doi = {10.1287/mnsc.13.11.816},
	journal = {Management Science},
	month = {July},
	number = {11},
	pages = {816-820},
	title = {Competitive Bidding with Asymmetric Information},
	volume = {13},
	year = {1967},
	bdsk-url-1 = {https://doi.org/10.1287/mnsc.13.11.816}}

@article{Wells2019,
	author = {Ian Wells},
	date-added = {2023-12-12 09:45:04 -0500},
	date-modified = {2023-12-12 09:45:04 -0500},
	doi = {10.1093/mind/fzx018},
	journal = {Mind},
	number = {510},
	pages = {429-457},
	title = {Equal Opportunity and Newcomb's Problem},
	volume = {128},
	year = {2019},
	bdsk-url-1 = {https://doi.org/10.1093/mind/fzx018}}

@article{Weirich1985,
	author = {Paul Weirich},
	date-added = {2023-12-12 09:44:56 -0500},
	date-modified = {2023-12-12 09:44:56 -0500},
	doi = {10.1080/00048408512342061},
	journal = {Australasian Journal of Philosophy},
	number = {4},
	pages = {465-472},
	title = {Decision Instability},
	volume = {63},
	year = {1985},
	bdsk-url-1 = {https://doi.org/10.1080/00048408512342061}}

@article{Wedgwood2013a,
	author = {Ralph Wedgwood},
	date-added = {2023-12-12 09:44:18 -0500},
	date-modified = {2023-12-12 09:44:18 -0500},
	doi = {10.1007/s11229-011-9900-1},
	journal = {Synthese},
	month = {September},
	number = {14},
	pages = {2643--2675},
	title = {Gandalf's solution to the Newcomb problem},
	volume = {190},
	year = {2013},
	bdsk-url-1 = {https://doi.org/10.1007/s11229-011-9900-1}}

@book{Weatherson2019,
	address = {Oxford},
	author = {Brian Weatherson},
	booktitle = {Normative Externalism},
	date-added = {2023-12-12 09:44:05 -0500},
	date-modified = {2023-12-12 09:44:05 -0500},
	publisher = {Oxford University Press},
	title = {Normative Externalism},
	year = {2019}}

@article{Valentini2012,
	author = {Laura Valentini},
	date-added = {2023-12-12 09:43:55 -0500},
	date-modified = {2023-12-12 09:43:55 -0500},
	doi = {10.1111/phco.2012.7.issue-9},
	journal = {Philosophy Compass},
	number = {9},
	pages = {654-664},
	title = {Ideal Vs. Non-Ideal Theory: A Conceptual Map},
	volume = {7},
	year = {2012},
	bdsk-url-1 = {https://doi.org/10.1111/phco.2012.7.issue-9}}

@article{Thoma2019,
	abstract = { This article argues that Lara Buchak's risk-weighted expected utility (REU) theory fails to offer a true alternative to expected utility theory. Under commonly held assumptions about dynamic choice and the framing of decision problems, rational agents are guided by their attitudes to temporally extended courses of action. If so, REU theory makes approximately the same recommendations as expected utility theory. Being more permissive about dynamic choice or framing, however, undermines the theory's claim to capturing a steady choice disposition in the face of risk. I argue that this poses a challenge to alternatives to expected utility theory more generally. },
	author = {Thoma, Johanna},
	date-added = {2023-12-12 09:43:40 -0500},
	date-modified = {2023-12-12 09:43:40 -0500},
	doi = {10.1086/699256},
	journal = {Ethics},
	number = {2},
	pages = {230-253},
	title = {Risk Aversion and the Long Run},
	volume = {129},
	year = {2019},
	bdsk-url-1 = {https://doi.org/10.1086/699256}}

@book{Sutton2000,
	address = {Cambridge, MA},
	author = {John Sutton},
	booktitle = {Marshall's Tendencies: What Can Economists Know?},
	date-added = {2023-12-12 09:43:26 -0500},
	date-modified = {2023-12-12 09:43:26 -0500},
	publisher = {{MIT} Press},
	title = {Marshall's Tendencies: What Can Economists Know?},
	year = {2000}}

@book{Strevens2008,
	address = {Cambridge, MA},
	author = {Michael Strevens},
	booktitle = {Depth: An Account of Scientific Explanations},
	date-added = {2023-12-12 09:43:19 -0500},
	date-modified = {2023-12-12 09:43:19 -0500},
	publisher = {Harvard University Press},
	title = {Depth: An Account of Scientific Explanations},
	year = {2008}}

@book{Stalnaker2008,
	address = {Oxford},
	author = {Stalnaker, Robert},
	date-added = {2023-12-12 09:42:25 -0500},
	date-modified = {2023-12-12 09:42:25 -0500},
	publisher = {Oxford University Press},
	title = {Our Knowledge of the Internal World},
	year = {2008}}

@article{Stalnaker1994,
	author = {Robert Stalnaker},
	date-added = {2023-12-12 09:42:13 -0500},
	date-modified = {2023-12-12 09:42:13 -0500},
	doi = {10.1007/BF01079205},
	journal = {Theory and Decision},
	month = {July},
	number = {1},
	pages = {49-73},
	title = {On the evaluation of solution concepts},
	volume = {37},
	year = {1994},
	bdsk-url-1 = {http://dx.doi.org/10.1007/BF01079205}}

@article{Stalnaker1996,
	author = {Robert Stalnaker},
	date-added = {2023-12-12 09:42:13 -0500},
	date-modified = {2023-12-12 09:42:13 -0500},
	doi = {10.1017/S0266267100004132},
	journal = {Economics and Philosophy},
	pages = {133-163},
	title = {Knowledge, Belief and Counterfactual Reasoning in Games},
	volume = {12},
	year = {1996},
	bdsk-url-1 = {http://dx.doi.org/10.1017/S0266267100004132}}

@article{Stalnaker1998,
	author = {Robert Stalnaker},
	date-added = {2023-12-12 09:42:13 -0500},
	date-modified = {2023-12-12 09:42:13 -0500},
	doi = {10.1016/S0165-4896(98)00007-9},
	journal = {Mathematical Social Sciences},
	number = {1},
	pages = {31-56},
	title = {Belief revision in games: forward and backward induction},
	volume = {36},
	year = {1998},
	bdsk-url-1 = {http://www.sciencedirect.com/science/article/B6V88-3T51PP8-X/2/d5bdbf6bf115c628d5bbeb7ceb1bf466},
	bdsk-url-2 = {http://dx.doi.org/10.1016/S0165-4896(98)00007-9}}

@article{Stalnaker1999,
	author = {Robert Stalnaker},
	date-added = {2023-12-12 09:42:13 -0500},
	date-modified = {2023-12-12 09:42:13 -0500},
	doi = {10.1006/reec.1999.0200},
	journal = {Research in Economics},
	number = {3},
	pages = {293-319},
	title = {Extensive and strategic forms: Games and models for games},
	volume = {53},
	year = {1999},
	bdsk-url-1 = {http://www.sciencedirect.com/science/article/B6WWP-45FJXRG-F/2/be5bc3f7e7c54ab3b8a85bc854271066},
	bdsk-url-2 = {http://dx.doi.org/10.1006/reec.1999.0200}}

@article{Spencer2021,
	author = {Jack Spencer},
	date-added = {2023-12-12 09:41:51 -0500},
	date-modified = {2023-12-12 09:41:51 -0500},
	doi = {10.1093/analys/anaa037},
	journal = {Analysis},
	number = {1},
	pages = {52-61},
	title = {An Argument Against Causal Decision Theory},
	volume = {81},
	year = {2021},
	bdsk-url-1 = {https://doi.org/10.1093/analys/anaa037}}

@article{Spencer2021b,
	author = {Jack Spencer},
	date-added = {2023-12-12 09:41:51 -0500},
	date-modified = {2023-12-12 09:41:51 -0500},
	doi = {10.1007/s11098-020-01509-9},
	journal = {Philosophical Studies},
	pages = {1769-1800},
	title = {Rational Monism and Rational Pluralism},
	volume = {178},
	year = {2021},
	bdsk-url-1 = {https://doi.org/10.1007/s11098-020-01509-9}}

@article{Spencer2023,
	author = {Jack Spencer},
	date-added = {2023-12-12 09:41:51 -0500},
	date-modified = {2023-12-12 09:41:51 -0500},
	doi = {10.1080/00048402.2021.1958880},
	journal = {Australasian Journal of Philosophy},
	number = {1},
	pages = {128-139},
	title = {Can It Be Irrational to Knowingly Choose the Best?},
	volume = {101},
	year = {2023},
	bdsk-url-1 = {https://doi.org/10.1080/00048402.2021.1958880}}

@article{SpencerWells2019,
	author = {Jack Spencer and Ian Wells},
	date-added = {2023-12-12 09:41:51 -0500},
	date-modified = {2023-12-12 09:41:51 -0500},
	doi = {10.1111/phpr.12466},
	journal = {{P}hilosophy and {P}henomenological {R}esearch},
	number = {1},
	pages = {27-48},
	title = {Why Take Both Boxes?},
	volume = {99},
	year = {2019},
	bdsk-url-1 = {https://doi.org/10.1111/phpr.12466}}

@book{Smullyan1978,
	address = {Englewood Cliffs, NJ},
	author = {Raymond Smullyan},
	date-added = {2023-12-12 09:41:37 -0500},
	date-modified = {2023-12-12 09:41:37 -0500},
	publisher = {Prentice-Hall},
	title = {What is the Name of This Book? The Riddle of Dracula and Other Logical Puzzles},
	year = {1978}}

@book{Skyrms1984,
	address = {New Haven, CT},
	author = {Brian Skyrms},
	date-added = {2023-12-12 09:40:08 -0500},
	date-modified = {2023-12-12 09:40:08 -0500},
	publisher = {Yale University Press},
	title = {Pragmatics and Empiricism},
	year = {1984}}

@book{Skyrms1990,
	address = {Cambridge, MA},
	author = {Brian Skyrms},
	date-added = {2023-12-12 09:40:08 -0500},
	date-modified = {2023-12-12 09:40:08 -0500},
	publisher = {Harvard University Press},
	title = {The Dynamics of Rational Deliberation},
	year = {1990}}

@book{Skyrms2004,
	address = {Cambridge},
	author = {Brian Skyrms},
	date-added = {2023-12-12 09:40:08 -0500},
	date-modified = {2023-12-12 09:40:08 -0500},
	publisher = {{C}ambridge {U}niversity {P}ress},
	title = {The Stag Hunt and the Evolution of Social Structure},
	year = {2004}}

@book{Shafer1976,
	address = {Princeton},
	author = {Shafer, Glenn},
	date-added = {2023-12-12 09:39:51 -0500},
	date-modified = {2023-12-12 09:39:51 -0500},
	publisher = {Princeton University Press},
	title = {A Mathematical Theory of Evidence},
	year = {1976}}

@article{Sen2006,
	author = {Amartya Sen},
	date-added = {2023-12-12 09:39:46 -0500},
	date-modified = {2023-12-12 09:39:46 -0500},
	doi = {10.5840/jphil2006103517},
	journal = {Journal of Philosophy},
	number = {5},
	pages = {215-238},
	title = {What Do We Want From a Theory of Justice?},
	volume = {103},
	year = {2006},
	bdsk-url-1 = {https://doi.org/10.5840/jphil2006103517}}

@article{Sen1971,
	author = {Amartya Sen},
	date-added = {2023-12-12 09:39:39 -0500},
	date-modified = {2023-12-12 09:39:39 -0500},
	doi = {10.2307/2296384},
	journal = {Review of Economic Studies},
	number = {3},
	pages = {307-317},
	title = {Choice Functions and Revealed Preference},
	volume = {38},
	year = {1971},
	bdsk-url-1 = {https://doi.org/10.2307/2296384}}

@article{Selten1975,
	author = {Selten, R.},
	date-added = {2023-12-12 09:39:29 -0500},
	date-modified = {2023-12-12 09:39:29 -0500},
	doi = {10.1007/BF01766400},
	journal = {International Journal of Game Theory},
	number = {1},
	pages = {25--55},
	title = {Reexamination of the perfectness concept for equilibrium points in extensive games},
	volume = {4},
	year = {1975},
	bdsk-url-1 = {https://doi.org/10.1007/BF01766400}}

@article{Schultheis2018,
	author = {Ginger Schultheis},
	date-added = {2023-12-12 09:39:19 -0500},
	date-modified = {2023-12-12 09:39:19 -0500},
	doi = {10.1093/mind/fzw065},
	journal = {Mind},
	number = {507},
	pages = {863-879},
	title = {Living on the Edge: Against Epistemic Permissivism},
	volume = {127},
	year = {2018},
	bdsk-url-1 = {https://doi.org/10.1093/mind/fzw065}}

@article{Schrijver2005,
	abstract = {Publisher Summary
This chapter traces the history of combinatorial optimization. As a coherent mathematical discipline, combinatorial optimization is relatively young. Linear programming forms the hinge in the history of combinatorial optimization. Its initial conception by Kantorovich and Koopmans was motivated by combinatorial applications---in particular, in transportation and transshipment. The assignment problem is one of the first investigated combinatorial optimization problems. A breakthrough in solving the assignment problem came when Dantzig showed that the assignment problem can be formulated as a linear programming problem that automatically has an integer optimum solution. The reason is a theorem of Birkhoff [1946] stating that the convex hull of the permutation matrices is equal to the set of doubly stochastic matrices---nonnegative matrices in which each row and column sum is equal to 1. Therefore, minimizing a linear functional over the set of doubly stochastic matrices (which is a linear programming problem) gives a permutation matrix, being the optimum assignment.},
	author = {Alexander Schrijver},
	date-added = {2023-12-12 09:39:12 -0500},
	date-modified = {2023-12-12 09:39:12 -0500},
	doi = {10.1016/S0927-0507(05)12001-5},
	journal = {Handbooks in Operations Research and Management Science},
	pages = {1-68},
	title = {On the History of Combinatorial Optimization (Till 1960)},
	volume = {12},
	year = {2005},
	bdsk-url-1 = {https://www.sciencedirect.com/science/article/pii/S0927050705120015},
	bdsk-url-2 = {https://doi.org/10.1016/S0927-0507(05)12001-5}}

@article{Samuelson1938,
	author = {Paul A. Samuelson},
	date-added = {2023-12-12 09:39:04 -0500},
	date-modified = {2023-12-12 09:39:04 -0500},
	doi = {10.2307/2548836},
	journal = {Econometrica},
	number = {17},
	pages = {61-71},
	title = {A Note on the Pure Theory of Consumer's Behaviour},
	volume = {5},
	year = {1938},
	bdsk-url-1 = {https://doi.org/10.2307/2548836}}

@article{Ross2021,
	author = {Ryan Ross},
	date-added = {2023-12-12 09:38:50 -0500},
	date-modified = {2023-12-12 09:38:55 -0500},
	doi = {10.5840/logos-episteme202112214},
	journal = {Logos and Episteme},
	number = {2},
	pages = {203--13},
	title = {Alleged Counterexamples to Uniqueness},
	volume = {12},
	year = {2021},
	bdsk-url-1 = {https://doi.org/10.5840/logos-episteme202112214}}

@techreport{Robinson1949,
	address = {Santa Monica, CA},
	author = {Julia Robinson},
	date-added = {2023-12-12 09:38:23 -0500},
	date-modified = {2023-12-12 09:38:23 -0500},
	institution = {The RAND Corporation},
	month = {December},
	title = {On the Hamiltonian Game (A Traveling Salesman Problem)},
	year = {1949}}

@article{Risse2000,
	author = {Mathias Risse},
	date-added = {2023-12-12 09:38:13 -0500},
	date-modified = {2023-12-12 09:38:13 -0500},
	doi = {10.1023/a:1005259701040},
	journal = {Synthese},
	number = {3},
	pages = {361-384},
	title = {What is rational about Nash equilibria?},
	volume = {124},
	year = {2000},
	bdsk-url-1 = {https://doi.org/10.1023/a:1005259701040}}

@article{Richter1984,
	author = {Reed Richter},
	date-added = {2023-12-12 09:38:08 -0500},
	date-modified = {2023-12-12 09:38:08 -0500},
	doi = {10.1080/00048408412341601},
	journal = {Australasian Journal of Philosophy},
	number = {4},
	pages = {393-404},
	title = {Rationality Revisited},
	volume = {62},
	year = {1984},
	bdsk-url-1 = {http://dx.doi.org/10.1080/00048408412341601}}

@incollection{RamseyGeneralProp,
	crossref = {RamseyPhilPapers},
	date-added = {2023-12-12 09:38:00 -0500},
	date-modified = {2023-12-12 09:38:00 -0500},
	pages = {145-163},
	title = {General Propositions and Causality}}

@article{Podgorski2022,
	author = {Aberlard Podgorski},
	date-added = {2023-12-12 09:37:50 -0500},
	date-modified = {2023-12-12 09:37:50 -0500},
	doi = {10.1111/nous.12353},
	journal = {No{\^u}s},
	number = {1},
	pages = {176-203},
	title = {Tournament Decision Theory},
	volume = {56},
	year = {2022},
	bdsk-url-1 = {https://doi.org/10.1111/nous.12353}}

@article{Wible1994,
	author = {James R. Wible},
	date-added = {2023-12-12 09:37:42 -0500},
	date-modified = {2023-12-12 09:37:42 -0500},
	doi = {10.1080/13501789400000009},
	journal = {Journal of Economic Methodology},
	number = {1},
	pages = {135-160},
	title = {Charles Sanders Peirce's economy of research},
	volume = {1},
	year = {1994},
	bdsk-url-1 = {https://doi.org/10.1080/13501789400000009}}

@article{Peirce1876,
	author = {C. S. Peirce},
	date-added = {2023-12-12 09:37:40 -0500},
	date-modified = {2023-12-12 09:37:40 -0500},
	journal = {Operations Research},
	number = {4},
	pages = {643-648},
	title = {Note on the Theory of the Economy of Research},
	volume = {15},
	year = {1967}}

@electronic{Pearce1983,
	author = {David G. Pearce},
	date-added = {2023-12-12 09:37:32 -0500},
	date-modified = {2023-12-12 09:37:32 -0500},
	title = {A Problem with Single Valued Solution Concepts},
	url = {https://sites.google.com/a/nyu.edu/davidpearce/},
	year = {1983},
	bdsk-url-1 = {https://sites.google.com/a/nyu.edu/davidpearce/}}

@article{Pearce1984,
	author = {David G. Pearce},
	date-added = {2023-12-12 09:37:32 -0500},
	date-modified = {2023-12-12 09:37:32 -0500},
	doi = {10.2307/1911197},
	journal = {Econometrica},
	number = {4},
	pages = {1029-1050},
	title = {Rationalizable Strategic Behavior and the Problem of Perfection},
	volume = {52},
	year = {1984},
	bdsk-url-1 = {https://doi.org/10.2307/1911197}}

@article{Palmira2023,
	author = {Michele Palmira},
	date-added = {2023-12-12 09:37:22 -0500},
	date-modified = {2023-12-12 09:37:22 -0500},
	doi = {10.1007/s10670-020-00373-7},
	journal = {Erkenntnis},
	number = {2},
	pages = {641-6556},
	title = {Permissivism and the Truth Connection},
	volume = {88},
	year = {2023},
	bdsk-url-1 = {https://doi.org/10.1007/s10670-020-00373-7}}

@book{OConnor2019,
	address = {Oxford},
	author = {Cailin O'Connor},
	date-added = {2023-12-12 09:37:15 -0500},
	date-modified = {2023-12-12 09:37:15 -0500},
	publisher = {{O}xford {U}niversity {P}ress},
	title = {The Origins of Unfairness: Social Categories and Cultural Evolution},
	year = {2019}}

@incollection{Nozick1969,
	author = {Robert Nozick},
	booktitle = {Essays in Honor of Carl {G}. Hempel: A Tribute on the Occasion of his Sixty-Fifth Birthday. Hempel: A Tribute on the Occasion of his Sixty-Fifth Birthday},
	crossref = {Hempel1969},
	date-added = {2023-12-12 09:37:07 -0500},
	date-modified = {2023-12-12 09:37:07 -0500},
	pages = {114-146},
	title = {Newcomb's Problem and Two Principles of Choice}}

@article{Nash1951,
	author = {John Nash},
	date-added = {2023-12-12 09:36:55 -0500},
	date-modified = {2023-12-12 09:36:58 -0500},
	doi = {10.2307/1969529},
	journal = {Annals of Mathematics},
	month = {September},
	number = {2},
	pages = {286-295},
	title = {Non-Cooperative Games},
	volume = {54},
	year = {1951},
	bdsk-url-1 = {https://doi.org/10.2307/1969529}}

@article{Myerson1978,
	abstract = {Selten's concept of perfect equilibrium for normal form games is reviewed, and a new concept of proper equilibrium is defined. It is shown that the proper equilibria form a nonempty subset of the perfect equilibria, which in turn form a subset of the Nash equilibria. An example is given to show that these inclusions may be strict.},
	author = {Myerson, R. B.},
	date-added = {2023-12-12 09:36:26 -0500},
	date-modified = {2023-12-12 09:36:26 -0500},
	doi = {10.1007/BF01753236},
	journal = {International Journal of Game Theory},
	number = {2},
	pages = {73--80},
	title = {Refinements of the Nash equilibrium concept},
	url = {https://doi.org/10.1007/BF01753236},
	volume = {7},
	year = {1978},
	bdsk-url-1 = {https://doi.org/10.1007/BF01753236}}

@article{Moulin1985,
	author = {H. Moulin},
	date-added = {2023-12-12 09:35:29 -0500},
	date-modified = {2023-12-12 09:36:14 -0500},
	doi = {10.1007/BF00437315},
	journal = {Social Choice and Welfare},
	number = {2},
	pages = {147-160},
	title = {Choice Functions Over a Finite Set: A Summary},
	volume = {2},
	year = {1985},
	bdsk-url-1 = {https://doi.org/10.1007/BF00437315}}

@article{Mills2005,
	author = {Mills, Charles W.},
	date-added = {2023-12-12 09:35:20 -0500},
	date-modified = {2023-12-12 09:35:20 -0500},
	doi = {10.1111/j.1527-2001.2005.tb00493.x},
	journal = {Hypatia},
	number = {3},
	pages = {165--184},
	title = {"Ideal Theory" as Ideology},
	volume = {20},
	year = {2005},
	bdsk-url-1 = {https://doi.org/10.1111/j.1527-2001.2005.tb00493.x}}

@book{McClennen1990,
	address = {Cambridge},
	author = {Edward McClennen},
	date-added = {2023-12-12 09:34:18 -0500},
	date-modified = {2023-12-12 09:36:14 -0500},
	publisher = {{C}ambridge {U}niversity {P}ress},
	title = {Rationality and Dynamic Choice},
	year = {1990}}

@article{Lota2023,
	author = {Kenji Lota and Ulf Hlobil},
	date-added = {2023-12-12 09:33:38 -0500},
	date-modified = {2023-12-12 09:33:38 -0500},
	doi = {10.1007/s10670-021-00391-z},
	journal = {Erkenntnis},
	number = {3},
	pages = {1013-1033},
	title = {Resolutions Against Uniqueness},
	volume = {88},
	year = {2023},
	bdsk-url-1 = {https://doi.org/10.1007/s10670-021-00391-z}}

@article{LipseyLancaster,
	author = {R. G. Lipsey and Kelvin Lancaster},
	date-added = {2023-12-12 09:33:28 -0500},
	date-modified = {2023-12-12 09:33:28 -0500},
	doi = {10.2307/2296233},
	journal = {Review of Economic Studies},
	number = {1},
	pages = {11-32},
	title = {The General Theory of Second Best},
	volume = {24},
	year = {1956},
	bdsk-url-1 = {http://dx.doi.org/10.2307/2296233}}

@incollection{Lewis-Gorman-10071979,
	author = {David Lewis},
	booktitle = {Philosophical Letters of David {K}. Lewis},
	crossref = {LewisLetters2},
	date-added = {2023-12-12 09:32:19 -0500},
	date-modified = {2023-12-12 09:32:19 -0500},
	pages = {472-3},
	title = {Letter to Jonathan Gorman, 19 April 1989}}

@incollection{Lewis-Mellor-14101981,
	author = {David Lewis},
	booktitle = {Philosophical Letters of David {K}. Lewis},
	crossref = {LewisLetters2},
	date-added = {2023-12-12 09:32:12 -0500},
	date-modified = {2023-12-12 09:32:12 -0500},
	pages = {432-434},
	title = {Letter to {D}. H. Mellor, 14 October 1981},
	year = {2020}}

@article{Lewis1981e,
	author = {David Lewis},
	date-added = {2023-12-12 09:31:54 -0500},
	date-modified = {2023-12-12 09:31:54 -0500},
	doi = {10.2307/2215439},
	journal = {No{\^u}s},
	note = {\PESP 37-41},
	number = {3},
	pages = {377-380},
	title = {Why Ain'cha Rich?},
	volume = {15},
	year = {1981},
	bdsk-url-1 = {http://dx.doi.org/10.2307/2215439}}

@article{Lewis1979e,
	author = {David Lewis},
	date-added = {2023-12-12 09:31:47 -0500},
	date-modified = {2023-12-12 09:31:47 -0500},
	journal = {Philosophy and Public Affairs},
	note = {\PPII 299-304},
	number = {3},
	pages = {235-240},
	title = {Prisoners' Dilemma is a {N}ewcomb Problem},
	volume = {8},
	year = {1979}}

@book{Lewis1969a,
	address = {Cambridge},
	author = {David Lewis},
	date-added = {2023-12-12 09:31:40 -0500},
	date-modified = {2023-12-12 09:31:40 -0500},
	publisher = {Harvard University Press},
	title = {Convention: A Philosophical Study},
	year = {1969}}

@article{LevinsteinSoares2020,
	author = {Benjamin Anders Levinstein and Nate Soares},
	date-added = {2023-12-12 09:31:32 -0500},
	date-modified = {2023-12-12 09:31:32 -0500},
	doi = {10.5840/jphil2020117516},
	journal = {Journal of Philosophy},
	number = {5},
	pages = {237-266},
	title = {Cheating Death in Damascus},
	volume = {117},
	year = {2020},
	bdsk-url-1 = {https://doi.org/10.5840/jphil2020117516}}

@electronic{Leend,
	author = {Wooram Lee},
	date-added = {2023-12-12 09:31:26 -0500},
	date-modified = {2023-12-12 09:31:26 -0500},
	doi = {10.1093/pq/pqad072},
	journal = {Philosophical Quarterly},
	title = {What is Structural Rationality?},
	url = {https://doi.org/10.1093/pq/pqad072},
	urldate = {August 7, 2023},
	bdsk-url-1 = {https://philpapers.org/archive/GALTST-2.pdf}}

@article{KopecTitelbaum2016,
	author = {Matthew Kopec and Michael G. Titelbaum},
	date-added = {2023-12-12 09:31:20 -0500},
	date-modified = {2023-12-12 09:31:20 -0500},
	doi = {10.1111/phc3.12318},
	journal = {Philosophy Compass},
	month = {April},
	number = {4},
	pages = {189-200},
	title = {The Uniqueness Thesis},
	volume = {11},
	year = {2016},
	bdsk-url-1 = {https://doi.org/10.1111/phc3.12318}}

@book{Knight1921,
	address = {Chicago},
	author = {Knight, Frank},
	date-added = {2023-12-12 09:31:13 -0500},
	date-modified = {2023-12-12 09:31:13 -0500},
	publisher = {University of Chicago Press},
	title = {Risk, Uncertainty and Profit},
	year = {1921}}

@book{Keynes1923,
	address = {London},
	author = {Keynes, John Maynard},
	date-added = {2023-12-12 09:31:07 -0500},
	date-modified = {2023-12-12 09:31:07 -0500},
	publisher = {Macmillan},
	title = {A Tract on Monetary Reform},
	year = {1923}}

@book{Keynes1921,
	address = {London},
	author = {John Maynard Keynes},
	date-added = {2023-12-12 09:31:02 -0500},
	date-modified = {2023-12-12 09:31:02 -0500},
	publisher = {Macmillan},
	title = {Treatise on Probability},
	year = {1921}}

@article{Joyce2012,
	author = {James M. Joyce},
	date-added = {2023-12-12 09:30:50 -0500},
	date-modified = {2023-12-12 09:30:50 -0500},
	doi = {10.1007/s11229-011-0022-6},
	journal = {Synthese},
	number = {1},
	pages = {123-145},
	title = {Regret and instability in causal decision theory},
	volume = {187},
	year = {2012},
	bdsk-url-1 = {https://doi.org/10.1007/s11229-011-0022-6}}

@incollection{Jeffrey1983,
	address = {Minneapolis},
	author = {Jeffrey, Richard},
	booktitle = {Testing Scientific Theories},
	date-added = {2023-12-12 09:30:40 -0500},
	date-modified = {2023-12-12 09:30:40 -0500},
	editor = {J. Earman (ed.)},
	publisher = {University of Minnesota Press},
	title = {Bayesianism with a Human Face},
	year = {1983}}

@book{Jackson1998,
	address = {Clarendon Press},
	author = {Jackson, Frank},
	date-added = {2023-12-12 09:30:34 -0500},
	date-modified = {2023-12-12 09:30:34 -0500},
	publisher = {Oxford},
	title = {From Metaphysics to Ethics: A Defence of Conceptual Analysis},
	year = {1998}}

@article{Horowitz2014,
	author = {Sophie Horowitz},
	date-added = {2023-12-12 09:30:27 -0500},
	date-modified = {2023-12-12 09:30:27 -0500},
	doi = {10.1007/s11098-013-0231-6},
	journal = {Philosohical Studies},
	month = {January},
	number = {1},
	pages = {41-56},
	title = {Immoderately Rational},
	volume = {167},
	year = {2014},
	bdsk-url-1 = {https://doi.org/10.1007/s11098-013-0231-6}}

@electronic{Heinzelmannnd,
	author = {Heinzelmann, Nora},
	date-added = {2023-12-12 09:29:58 -0500},
	date-modified = {2023-12-12 09:29:58 -0500},
	doi = {10.1093/pq/pqac083},
	journal = {Philosophical Quarterly},
	title = {Rationality is Not Coherence},
	url = {https://doi.org/10.1093/pq/pqac083},
	urldate = {03 August 2023},
	bdsk-url-1 = {https://doi.org/10.1093/pq/pqac083}}

@article{HareHedden2015,
	author = {Caspar Hare and Brian Hedden},
	date-added = {2023-12-12 09:29:39 -0500},
	date-modified = {2023-12-12 09:29:39 -0500},
	doi = {10.1111/nous.12094},
	journal = {No\^{u}s},
	number = {3},
	pages = {604--628},
	title = {Self-Reinforcing and Self-Frustrating Decisions},
	volume = {50},
	year = {2015},
	bdsk-url-1 = {https://doi.org/10.1111/nous.12094}}

@article{Hammond1988,
	author = {Peter J. Hammond},
	date-added = {2023-12-12 09:29:33 -0500},
	date-modified = {2023-12-12 09:29:33 -0500},
	doi = {10.1007/BF00129168},
	journal = {Theory and Decision},
	number = {1},
	pages = {25-78},
	title = {Consequentialist Foundations for Expected Utility},
	volume = {25},
	year = {1988},
	bdsk-url-1 = {http://dx.doi.org/10.1007/BF00129168}}

@article{Gustafsson2011,
	author = {Johan E. Gustafsson},
	date-added = {2023-12-12 09:29:26 -0500},
	date-modified = {2023-12-12 09:29:26 -0500},
	doi = {10.1007/s10670-010-9267-6},
	journal = {Erkenntnis},
	number = {1},
	pages = {147-150},
	title = {A Note in Defence of Ratificationism},
	volume = {75},
	year = {2011},
	bdsk-url-1 = {https://doi.org/10.1007/s10670-010-9267-6}}

@article{GrecoHedden2016,
	author = {Daniel Greco and Brian Hedden},
	date-added = {2023-12-12 09:29:16 -0500},
	date-modified = {2023-12-12 09:29:16 -0500},
	doi = {10.1111/phc3.12318},
	journal = {The Journal of Philosophy},
	number = {8},
	pages = {365-395},
	title = {Uniqueness and Metaepistemology},
	volume = {113},
	year = {2016},
	bdsk-url-1 = {https://doi.org/10.1111/phc3.12318}}

@article{GrantEtAl2021,
	abstract = {Ambiguity in the ordinary language sense means that available information is open to multiple interpretations. We model this by assuming that individuals are unaware of some possibilities relevant to the outcome of their decisions and that multiple probabilities may arise over an individual's subjective state space depending on which of these possibilities are realized. We formalize a notion of coherent multiple priors and derive a representation result that with full awareness corresponds to the usual unique (Bayesian) prior but with less than full awareness generates multiple priors. When information is received with no change in awareness, each element of the set of priors is updated in the standard Bayesian fashion (that is, full Bayesian updating). An increase in awareness, however, leads to an expansion of the individual's subjective state and (in general) a contraction in the set of priors under consideration.},
	author = {Grant, Simon and Ani, Guerdjikova and Quiggin, John},
	date-added = {2023-12-12 09:29:05 -0500},
	date-modified = {2023-12-12 09:29:05 -0500},
	doi = {10.1515/bejte-2018-0185},
	journal = {The B.E. Journal of Theoretical Economics},
	number = {2},
	pages = {571-612},
	title = {Ambiguity and Awareness: A Coherent Multiple Priors Model},
	volume = {21},
	year = {2021},
	bdsk-url-1 = {https://EconPapers.repec.org/RePEc:bpj:bejtec:v:21:y:2021:i:2:p:571-612:n:4}}

@article{Quiggin1982,
	author = {Quiggin, John},
	date-added = {2023-12-12 09:29:05 -0500},
	date-modified = {2023-12-12 09:29:05 -0500},
	doi = {10.1016/0167-2681(82)90008-7},
	journal = {Journal of Economic Behavior \& Organization},
	number = {4},
	pages = {323-343},
	title = {A theory of anticipated utility},
	volume = {3},
	year = {1982},
	bdsk-url-1 = {https://doi.org/10.1016/0167-2681(82)90008-7}}

@electronic{Goodsellnd,
	author = {Zachary Goodsell},
	date-added = {2023-12-12 09:28:54 -0500},
	date-modified = {2023-12-12 09:28:54 -0500},
	doi = {10.1111/nous.12473},
	journal = {No{\^u}s},
	title = {Decision Theory Unbound},
	urldate = {July 7, 2023},
	bdsk-url-1 = {https://doi.org/10.1111/nous.12473}}

@article{Good1967,
	author = {I. J. Good},
	date-added = {2023-12-12 09:28:45 -0500},
	date-modified = {2023-12-12 09:28:45 -0500},
	doi = {10.1093/bjps/17.4.319},
	journal = {British Journal for the Philosophy of Science},
	number = {4},
	pages = {319-321},
	title = {On the Principle of Total Evidence},
	volume = {17},
	year = {1967},
	bdsk-url-1 = {https://doi.org/10.1093/bjps/17.4.319}}

@incollection{GibbardHarper1978,
	author = {Allan Gibbard and William Harper},
	crossref = {HookerLeachMcClennen},
	date-added = {2023-12-12 09:28:38 -0500},
	date-modified = {2023-12-12 09:28:38 -0500},
	pages = {125-162},
	title = {Counterfactuals and Two Kinds of Expected Utility},
	year = {1978}}

@article{Harper1986,
	author = {William Harper},
	date-added = {2023-12-12 09:28:38 -0500},
	date-modified = {2023-12-12 09:28:38 -0500},
	doi = {10.1007/BF00183199},
	journal = {Erkenntnis},
	number = {1},
	pages = {25-36},
	title = {Mixed Strategies and Ratifiability in Causal Decision Theory},
	volume = {24},
	year = {1986},
	bdsk-url-1 = {http://dx.doi.org/10.1007/BF00183199}}

@inbook{Harper1988,
	address = {Dordrecht},
	author = {Harper, William},
	booktitle = {Causation in Decision, Belief Change, and Statistics: Proceedings of the Irvine Conference on Probability and Causation},
	date-added = {2023-12-12 09:28:38 -0500},
	date-modified = {2023-12-12 09:28:38 -0500},
	doi = {10.1007/978-94-009-2865-7_2},
	editor = {Harper, William and Skyrms, Brian},
	pages = {25--48},
	publisher = {Springer Netherlands},
	title = {Causal Decision Theory and Game Theory: A Classic Argument for Equilibrium Solutions, a Defense of Weak Equilibria, and a New Problem for the Normal Form Representation},
	year = {1988},
	bdsk-url-1 = {https://doi.org/10.1007/978-94-009-2865-7_2}}

@article{Gallow2020,
	author = {J. Dmitri Gallow},
	date-added = {2023-12-12 09:28:27 -0500},
	date-modified = {2023-12-12 09:28:27 -0500},
	doi = {10.5840/jphil202011739},
	journal = {The Journal of Philosophy},
	number = {3},
	pages = {117-149},
	title = {The Causal Decision Theorist's Gudie to Managing the News},
	volume = {117},
	year = {2020},
	bdsk-url-1 = {https://doi.org/10.5840/jphil202011739}}

@electronic{Gallownd,
	author = {J. Dmitri Gallow},
	date-added = {2023-12-12 09:28:27 -0500},
	date-modified = {2023-12-12 09:28:27 -0500},
	journal = {Philosophical Quarterly},
	title = {The Sure Thing Principle Leads to Instability},
	url = {https://philpapers.org/archive/GALTST-2.pdf},
	urldate = {July 7, 2023},
	bdsk-url-1 = {https://philpapers.org/archive/GALTST-2.pdf}}

@electronic{Fuscond,
	author = {Melissa Fusco},
	date-added = {2023-12-12 09:28:19 -0500},
	date-modified = {2023-12-12 09:28:19 -0500},
	doi = {10.1111/nous.12459},
	journal = {No{\^u}s},
	title = {Absolution of a Causal Decision Theorist},
	url = {https://dx.doi.org/10.1111/nous.12459},
	urldate = {July 6, 2023},
	bdsk-url-1 = {https://dx.doi.org/10.1111/nous.12459}}

@article{Fey2012,
	author = {Mark Fey},
	date-added = {2023-12-12 09:28:08 -0500},
	date-modified = {2023-12-12 09:28:08 -0500},
	doi = {10.1016/j.geb.2011.09.008},
	journal = {Games and Economic Behavior},
	month = {May},
	number = {1},
	pages = {424-427},
	title = {Symmetric Games with Only Asymmetric Equilibria},
	volume = {75},
	year = {2012},
	bdsk-url-1 = {https://doi.org/10.1016/j.geb.2011.09.008}}

@article{Elliot2019,
	author = {Edward Elliott},
	date-added = {2023-12-12 09:27:56 -0500},
	date-modified = {2023-12-12 09:27:56 -0500},
	doi = {10.1093/analys/anz059},
	journal = {Analysis},
	month = {October},
	number = {4},
	pages = {755-772},
	title = {Normative Decision Theory},
	volume = {79},
	year = {2019},
	bdsk-url-1 = {https://doi.org/10.1093/analys/anz059}}

@article{Elga2000,
	author = {Elga, Adam},
	date-added = {2023-12-12 09:27:50 -0500},
	date-modified = {2023-12-12 09:27:50 -0500},
	doi = {10.1093/analys/60.2.143},
	journal = {Analysis},
	number = {4},
	pages = {143-147},
	title = {Self-Locating Belief and the Sleeping Beauty Problem},
	volume = {60},
	year = {2000},
	bdsk-url-1 = {http://dx.doi.org/10.1093/analys/60.2.143}}

@article{Egan2007,
	author = {Andy Egan},
	date-added = {2023-12-12 09:27:08 -0500},
	date-modified = {2023-12-12 09:27:08 -0500},
	doi = {10.1215/00318108-2006-023},
	journal = {Philosophical Review},
	number = {1},
	pages = {93-114},
	title = {Some Counterexamples to Causal Decision Theory},
	volume = {116},
	year = {2007},
	bdsk-url-1 = {https://doi.org/10.1215/00318108-2006-023}}

@article{Dogramaci2012,
	author = {Sinan Dogramaci},
	date-added = {2023-12-12 09:26:57 -0500},
	date-modified = {2023-12-12 09:26:57 -0500},
	doi = {10.1111/j.1933-1592.2011.00566.x},
	journal = {Philosophy and Phenomenological Research},
	month = {May},
	number = {3},
	pages = {513-530},
	title = {Reverse Engineering Epistemic Evaluations},
	volume = {84},
	year = {2012},
	bdsk-url-1 = {https://doi.org/10.1111/j.1933-1592.2011.00566.x}}

@article{Davey2011,
	author = {Kevin Davey},
	date-added = {2023-12-12 09:26:50 -0500},
	date-modified = {2023-12-12 09:26:50 -0500},
	doi = {10.1086/658093},
	journal = {Philosophy of Science},
	month = {January},
	number = {1},
	pages = {16-38},
	title = {Idealizations and Contextualism in Physics},
	volume = {78},
	year = {2011},
	bdsk-url-1 = {http://dx.doi.org/10.1086/658093}}

@article{Das2023,
	author = {Nilanjan Das},
	date-added = {2023-12-12 09:26:44 -0500},
	date-modified = {2023-12-12 09:26:44 -0500},
	doi = {10.1093/bjps/axaa003},
	journal = {British Journal for the Philosophy of Science},
	number = {1},
	pages = {25-55},
	title = {The Value of Biased Information},
	volume = {74},
	year = {2023},
	bdsk-url-1 = {https://doi.org/10.1093/bjps/axaa003}}

@incollection{Cohen2013,
	author = {Stewart Cohen},
	crossref = {ChristensenLackey},
	date-added = {2023-12-12 09:26:37 -0500},
	date-modified = {2023-12-12 09:26:37 -0500},
	pages = {98-117},
	title = {A Defence of the (Almost) Equal Weight View}}

@article{Conlisk1996,
	author = {John Conlisk},
	date-added = {2023-12-12 09:26:26 -0500},
	date-modified = {2023-12-12 09:26:26 -0500},
	journal = {Journal of Economic Literature},
	month = {June},
	number = {2},
	pages = {669-700},
	title = {Why Bounded Rationality?},
	volume = {34},
	year = {1996}}

@misc{cohen2023sequential,
	archiveprefix = {arXiv},
	author = {Shani Cohen and Shengwu Li},
	date-added = {2023-12-12 09:26:19 -0500},
	date-modified = {2023-12-12 09:26:19 -0500},
	eprint = {2212.06025},
	primaryclass = {econ.TH},
	title = {Sequential Cursed Equilibrium},
	year = {2023}}

@article{EysterRabin2005,
	author = {Erik Eyster and Matthew Rabin},
	date-added = {2023-12-12 09:26:19 -0500},
	date-modified = {2023-12-12 09:26:19 -0500},
	journal = {Econometrica},
	number = {5},
	pages = {1623-1672},
	title = {Cursed Equilibrium},
	url = {10.1111/j.1468-0262.2005.00631.x},
	volume = {73},
	year = {2005},
	bdsk-url-1 = {10.1111/j.1468-0262.2005.00631.x}}

@misc{fong2023cursed,
	archiveprefix = {arXiv},
	author = {Meng-Jhang Fong and Po-Hsuan Lin and Thomas R. Palfrey},
	date-added = {2023-12-12 09:26:19 -0500},
	date-modified = {2023-12-12 09:26:19 -0500},
	eprint = {2301.11971},
	primaryclass = {econ.TH},
	title = {Cursed Sequential Equilibrium},
	year = {2023}}

@article{ChoKreps1987,
	author = {In-Koo Cho and David M. Kreps},
	booktitle = {Signalling Games and Stable Equilibria},
	date-added = {2023-12-12 09:26:04 -0500},
	date-modified = {2023-12-12 09:26:04 -0500},
	doi = {10.2307/1885060},
	journal = {The Quarterly Journal of Economics},
	month = {May},
	number = {2},
	pages = {179-221},
	title = {Signalling Games and Stable Equilibria},
	volume = {102},
	year = {1987},
	bdsk-url-1 = {http://dx.doi.org/10.2307/1885060}}

@article{Chernoff1954,
	author = {Herman Chernoff},
	date-added = {2023-12-12 09:25:59 -0500},
	date-modified = {2023-12-12 09:25:59 -0500},
	doi = {10.2307/1907435},
	journal = {Econometrica},
	number = {4},
	pages = {422-443},
	title = {Rational Selection of Decision Functions},
	volume = {22},
	year = {1954},
	bdsk-url-1 = {https://doi.org/10.2307/1907435}}

@article{Chang2002,
	author = {Ruth Chang},
	date-added = {2023-12-12 09:25:53 -0500},
	date-modified = {2023-12-12 09:25:53 -0500},
	doi = {10.1086/339673},
	journal = {Ethics},
	number = {4},
	pages = {659-688},
	title = {The Possibility of Parity},
	volume = {112},
	year = {2002},
	bdsk-url-1 = {https://doi.org/10.1086/339673}}

@incollection{ChandlerSEP,
	author = {Chandler, Jake},
	booktitle = {The {Stanford} Encyclopedia of Philosophy},
	date-added = {2023-12-12 09:25:46 -0500},
	date-modified = {2023-12-12 09:25:46 -0500},
	edition = {{W}inter 2017},
	editor = {Edward N. Zalta},
	howpublished = {\url{https://plato.stanford.edu/archives/win2017/entries/decision-theory-descriptive/}},
	publisher = {Metaphysics Research Lab, Stanford University},
	title = {{Descriptive Decision Theory}},
	year = {2017}}

@article{Callahan2021,
	author = {Laura Frances Callahan},
	date-added = {2023-12-12 09:25:36 -0500},
	date-modified = {2023-12-12 09:25:36 -0500},
	doi = {10.1017/epi.2019.25},
	journal = {Episteme},
	number = {4},
	pages = {539--554},
	title = {Epistemic Existentialism},
	volume = {18},
	year = {2021},
	bdsk-url-1 = {https://doi.org/10.1017/epi.2019.25}}

@article{Buchak2017,
	author = {Lara Buchak},
	date-added = {2023-12-12 09:25:31 -0500},
	date-modified = {2023-12-12 09:25:31 -0500},
	doi = {10.1007/s11098-017-0904-7},
	journal = {Philosophical Studies},
	number = {9},
	pages = {2363-2368},
	title = {Pr{\'e}cis of Risk and Rationality},
	volume = {174},
	year = {2017},
	bdsk-url-1 = {https://doi.org/10.1007/s11098-017-0904-7}}

@book{BuchakRisk,
	address = {Oxford},
	author = {Lara Buchak},
	booktitle = {Risk and Rationality},
	date-added = {2023-12-12 09:25:31 -0500},
	date-modified = {2023-12-12 09:25:31 -0500},
	publisher = {Oxford University Press},
	title = {Risk and Rationality},
	year = {2013}}

@electronic{BottomleyWilliamsonnd,
	author = {Christopher Bottomley and Timothy Luke WIlliamson},
	date-added = {2023-12-12 09:25:05 -0500},
	date-modified = {2023-12-12 09:25:18 -0500},
	doi = {10.1111/phpr.13006},
	journal = {{P}hilosophy and {P}henomenological {R}esearch},
	title = {Rational risk-aversion: Good things come to those who weight},
	urldate = {19 June 2023},
	bdsk-url-1 = {https://doi.org/10.1111/phpr.13006}}

@article{Blackwell1951,
	author = {David Blackwell},
	date-added = {2023-12-12 09:24:56 -0500},
	date-modified = {2023-12-12 09:24:56 -0500},
	journal = {Proceedings of the Berkeley Symposium on Mathematical Statistics and Probability},
	number = {1},
	pages = {93-102},
	title = {Comparison of Experiments},
	volume = {2},
	year = {1951}}

@article{BenPorathDekel1992,
	abstract = {We consider extensions of games where some players have the option of signaling future actions by incurring costs. The main result is that in a class of games, if one player can incur costs, then forwards induction selects her most preferred outcome. Surprisingly, the player does not have to incur any costs to achieve this---the option alone suffices. However, when all players can incur costs, one player's attempt to signal a future action is vulnerable to a counter-signal by the opponent. This vulnerability to counter-signaling distinguishes signaling future actions from signaling types.},
	author = {Elchanan Ben-Porath and Eddie Dekel},
	date-added = {2023-12-12 09:24:47 -0500},
	date-modified = {2023-12-12 09:24:47 -0500},
	doi = {10.1016/S0022-0531(05)80039-0},
	journal = {Journal of Economic Theory},
	number = {1},
	pages = {36-51},
	title = {Signaling future actions and the potential for sacrifice},
	url = {https://www.sciencedirect.com/science/article/pii/S0022053105800390},
	volume = {57},
	year = {1992},
	bdsk-url-1 = {https://www.sciencedirect.com/science/article/pii/S0022053105800390},
	bdsk-url-2 = {https://doi.org/10.1016/S0022-0531(05)80039-0}}

@article{Barnett2022,
	author = {David James Barnett},
	date-added = {2023-12-12 09:24:38 -0500},
	date-modified = {2023-12-12 09:24:38 -0500},
	doi = {10.5840/jphil202211925},
	journal = {Journal of Philosophy},
	number = {2},
	pages = {57-88},
	title = {Graded Ratifiability},
	volume = {119},
	year = {2022},
	bdsk-url-1 = {http://www.davidjamesbar.net/wp-content/uploads/2018/03/Barnett-Graded-Ratifiability-March-2018.pdf}}

@article{Arntzenius2008,
	author = {Frank Arntzenius},
	date-added = {2023-12-12 09:24:29 -0500},
	date-modified = {2023-12-12 09:24:29 -0500},
	doi = {10.1007/s10670-007-9084-8},
	journal = {Erkenntnis},
	number = {2},
	pages = {277-297},
	title = {No Regrets; or, Edith Piaf Revamps Decision Theory},
	volume = {68},
	year = {2008},
	bdsk-url-1 = {https://doi.org/10.1007/s10670-007-9084-8}}

@article{Allais1953,
	author = {M. Allais},
	date-added = {2023-12-12 09:24:24 -0500},
	date-modified = {2023-12-12 09:24:24 -0500},
	doi = {10.2307/1907921},
	journal = {Econometrica},
	month = {October},
	number = {4},
	pages = {503-546},
	title = {Le Comportement de l'Homme Rationnel devant le Risque: Critique des Postulats et Axiomes de l'Ecole Americaine},
	volume = {21},
	year = {1953},
	bdsk-url-1 = {https://doi.org/10.2307/1907921}}

@article{Alcoba2023,
	author = {Natalie Alcoba},
	date-added = {2023-12-12 09:24:19 -0500},
	date-modified = {2023-12-12 09:24:19 -0500},
	journal = {The New York Times},
	pages = {June 19, 2023},
	title = {In Argentina, Inflation Passes 100\% (and the Restaurants Are Packed)},
	url = {https://www.nytimes.com/2023/06/19/world/americas/argentina-inflation-peso-restaurants.html},
	urldate = {06-19-2023},
	year = {2023},
	bdsk-url-1 = {https://www.nytimes.com/2023/06/19/world/americas/argentina-inflation-peso-restaurants.html}}

@article{Akerlof1970,
	author = {George Akerlof},
	date-added = {2023-12-12 09:24:10 -0500},
	date-modified = {2023-12-12 09:24:10 -0500},
	doi = {10.2307/1879431},
	journal = {Quarterly Journal of Economics},
	month = {August},
	number = {3},
	pages = {488-500},
	title = {The Market for "Lemons": Quality Uncertainty and the Market Mechanism},
	volume = {84},
	year = {1970},
	bdsk-url-1 = {https://doi.org/10.2307/1879431}}

@article{Ahmed2014a,
	author = {Arif Ahmed},
	date-added = {2023-12-12 09:24:05 -0500},
	date-modified = {2023-12-12 09:24:05 -0500},
	doi = {10.1093/analys/anu084},
	journal = {Analysis},
	number = {4},
	pages = {587-592},
	title = {Dicing with Death},
	volume = {74},
	year = {2014},
	bdsk-url-1 = {https://doi.org/10.1093/analys/anu084}}

@article{Ahmed2020,
	author = {Arif Ahmed},
	date-added = {2023-12-12 09:24:05 -0500},
	date-modified = {2023-12-12 09:24:05 -0500},
	doi = {10.1093/mind/fzz073},
	journal = {Mind},
	number = {515},
	pages = {867-886},
	title = {Equal Opportunities in Newcomb's Problem and Elsewhere},
	volume = {129},
	year = {2020},
	bdsk-url-1 = {https://doi.org/10.1093/mind/fzz073}}

@article{Ahmed2012,
	author = {Arif Ahmed},
	date-added = {2023-12-12 09:23:56 -0500},
	date-modified = {2023-12-12 09:23:56 -0500},
	doi = {10.1086/666065},
	journal = {Philosophy of Science},
	number = {3},
	pages = {386-395},
	title = {Push the Button},
	volume = {79},
	year = {2012},
	bdsk-url-1 = {https://doi.org/10.1086/666065}}
